<?xml version = "1.0" encoding = "UTF-8"?><record>
  <leader>00792nam#a2200253#ca4500</leader>
  <controlfield tag="005">20210109190114.0</controlfield>
  <controlfield tag="007">tu</controlfield>
  <controlfield tag="008">960222m19559999gw############|||#|#ger#c</controlfield>
  <controlfield tag="001">990047781220206441</controlfield>
  <datafield tag="016" ind1="7" ind2=" ">
    <subfield code="a">1071594753</subfield>
    <subfield code="2">OCoLC</subfield>
  </datafield>
  <datafield tag="035" ind1=" " ind2=" ">
    <subfield code="a">(DE-605)HT001324627</subfield>
  </datafield>
  <datafield tag="035" ind1=" " ind2=" ">
    <subfield code="a">(OCoLC)1071594753</subfield>
    <subfield code="0">(uri) http://www.worldcat.org/oclc/1071594753</subfield>
  </datafield>
  <datafield tag="040" ind1=" " ind2=" ">
    <subfield code="a">385</subfield>
    <subfield code="b">ger</subfield>
    <subfield code="d">385</subfield>
    <subfield code="e">rakwb</subfield>
  </datafield>
  <datafield tag="041" ind1=" " ind2=" ">
    <subfield code="a">ger</subfield>
  </datafield>
  <datafield tag="044" ind1=" " ind2=" ">
    <subfield code="c">XA-DE</subfield>
  </datafield>
  <datafield tag="100" ind1="1" ind2=" ">
    <subfield code="a">Guardini, Romano</subfield>
    <subfield code="d">1885-1968</subfield>
    <subfield code="0">(DE-588)118543105</subfield>
    <subfield code="4">aut</subfield>
    <subfield code="0">(uri) https://portal.dnb.de/opac.htm?method=simpleSearch&amp;cqlMode=true&amp;query=idn=118543105</subfield>
    <subfield code="0">(uri) http://viaf.org/viaf/sourceID/DNB|118543105</subfield>
    <subfield code="B">GND-118543105</subfield>
  </datafield>
  <datafield tag="245" ind1="1" ind2="0">
    <subfield code="a">Wahrheit und Ordnung</subfield>
    <subfield code="b">Universit&#228;tspredigten</subfield>
    <subfield code="c">von Romano Guardini</subfield>
  </datafield>
  <datafield tag="264" ind1=" " ind2="1">
    <subfield code="a">M&#252;nchen</subfield>
    <subfield code="b">Werkbund-Verl.</subfield>
    <subfield code="c">1955-</subfield>
  </datafield>
  <datafield tag="515" ind1=" " ind2=" ">
    <subfield code="a">Erschienen: Bd. 1 - 33</subfield>
  </datafield>
  <datafield tag="689" ind1="0" ind2="0">
    <subfield code="a">Predigtsammlung</subfield>
    <subfield code="D">s</subfield>
    <subfield code="0">(DE-588)4123978-7</subfield>
    <subfield code="0">(uri) https://portal.dnb.de/opac.htm?method=simpleSearch&amp;cqlMode=true&amp;query=idn=041239784</subfield>
    <subfield code="0">(uri) http://viaf.org/viaf/sourceID/DNB|041239784</subfield>
    <subfield code="B">GND-041239784</subfield>
  </datafield>
  <datafield tag="689" ind1="0" ind2="1">
    <subfield code="a">Katholische Kirche</subfield>
    <subfield code="D">b</subfield>
    <subfield code="0">(DE-588)2009545-4</subfield>
    <subfield code="0">(uri) https://portal.dnb.de/opac.htm?method=simpleSearch&amp;cqlMode=true&amp;query=idn=004691792</subfield>
    <subfield code="0">(uri) http://viaf.org/viaf/sourceID/DNB|004691792</subfield>
    <subfield code="B">GND-004691792</subfield>
  </datafield>
  <datafield tag="964" ind1="0" ind2="s">
    <subfield code="F">030</subfield>
    <subfield code="A">a|1uc||||||17</subfield>
  </datafield>
  <datafield tag="964" ind1="0" ind2="s">
    <subfield code="F">050</subfield>
    <subfield code="A">a|||||||||||||</subfield>
  </datafield>
  <datafield tag="964" ind1="0" ind2="s">
    <subfield code="F">051</subfield>
    <subfield code="A">n|||||||</subfield>
  </datafield>
  <datafield tag="MBD" ind1=" " ind2=" ">
    <subfield code="M">49HBZ_NETWORK</subfield>
    <subfield code="i">990047781220206441</subfield>
    <subfield code="n">HBZ Network</subfield>
  </datafield>
  <datafield tag="MBD" ind1=" " ind2=" ">
    <subfield code="M">49HBZ_WUP</subfield>
    <subfield code="i">990003006380206447</subfield>
    <subfield code="n">Bergische Universit&#228;t Wuppertal</subfield>
  </datafield>
  <datafield tag="983" ind1=" " ind2=" ">
    <subfield code="b">JGQI</subfield>
    <subfield code="9">LOCAL</subfield>
    <subfield code="M">49HBZ_WUP</subfield>
  </datafield>
  <datafield tag="MBD" ind1=" " ind2=" ">
    <subfield code="M">49HBZ_UBD</subfield>
    <subfield code="i">991009130189706445</subfield>
    <subfield code="n">Technische Universit&#228;t Dortmund</subfield>
  </datafield>
  <datafield tag="980" ind1="1" ind2=" ">
    <subfield code="e">HBZ</subfield>
    <subfield code="9">LOCAL</subfield>
    <subfield code="M">49HBZ_UBD</subfield>
  </datafield>
  <datafield tag="981" ind1=" " ind2=" ">
    <subfield code="a">(DE-290)792679</subfield>
    <subfield code="9">LOCAL</subfield>
    <subfield code="M">49HBZ_UBD</subfield>
  </datafield>
  <datafield tag="997" ind1=" " ind2=" ">
    <subfield code="a">20000320</subfield>
    <subfield code="9">LOCAL</subfield>
    <subfield code="M">49HBZ_UBD</subfield>
  </datafield>
  <datafield tag="MNG" ind1=" " ind2=" ">
    <subfield code="c">System</subfield>
    <subfield code="f">ILS</subfield>
    <subfield code="i">marc21</subfield>
    <subfield code="k">01</subfield>
    <subfield code="e">false</subfield>
    <subfield code="d">2021-01-09 19:01:14 Europe/Berlin</subfield>
    <subfield code="g">004778122-HBZ01</subfield>
    <subfield code="j">60</subfield>
    <subfield code="a">import</subfield>
    <subfield code="b">2020-11-23 02:04:32 Europe/Berlin</subfield>
  </datafield>
  <datafield tag="GSI" ind1="7" ind2=" ">
    <subfield code="a">4123978-7</subfield>
    <subfield code="0">http://d-nb.info/gnd/4123978-7</subfield>
    <subfield code="2">gnd</subfield>
    <subfield code="A">GND</subfield>
    <subfield code="B">GND-041239784</subfield>
    <subfield code="C">024</subfield>
  </datafield>
  <datafield tag="GKT" ind1="2" ind2=" ">
    <subfield code="a">Katolikus Egyha&#769;z</subfield>
    <subfield code="A">GND</subfield>
    <subfield code="B">GND-004691792</subfield>
    <subfield code="C">410</subfield>
  </datafield>
  <datafield tag="GKT" ind1="2" ind2=" ">
    <subfield code="a">RCC</subfield>
    <subfield code="4">abku</subfield>
    <subfield code="4">http://d-nb.info/standards/elementset/gnd#abbreviatedNameForTheCorporateBody</subfield>
    <subfield code="w">r</subfield>
    <subfield code="i">Abkuerzung</subfield>
    <subfield code="e">Abkuerzung</subfield>
    <subfield code="A">GND</subfield>
    <subfield code="B">GND-004691792</subfield>
    <subfield code="C">410</subfield>
  </datafield>
  <datafield tag="GKT" ind1="2" ind2=" ">
    <subfield code="a">Katolic&#780;eskaj Cerkov&#697;</subfield>
    <subfield code="A">GND</subfield>
    <subfield code="B">GND-004691792</subfield>
    <subfield code="C">410</subfield>
  </datafield>
  <datafield tag="GKT" ind1="2" ind2=" ">
    <subfield code="a">Katolic&#780;ke Cerkve</subfield>
    <subfield code="A">GND</subfield>
    <subfield code="B">GND-004691792</subfield>
    <subfield code="C">410</subfield>
  </datafield>
  <datafield tag="GKT" ind1="2" ind2=" ">
    <subfield code="a">Katolska Cyrkej</subfield>
    <subfield code="A">GND</subfield>
    <subfield code="B">GND-004691792</subfield>
    <subfield code="C">410</subfield>
  </datafield>
  <datafield tag="GKT" ind1="2" ind2=" ">
    <subfield code="a">Katolske Kirke</subfield>
    <subfield code="A">GND</subfield>
    <subfield code="B">GND-004691792</subfield>
    <subfield code="C">410</subfield>
  </datafield>
  <datafield tag="GKT" ind1="2" ind2=" ">
    <subfield code="a">Ecclesia Catholica</subfield>
    <subfield code="A">GND</subfield>
    <subfield code="B">GND-004691792</subfield>
    <subfield code="C">410</subfield>
  </datafield>
  <datafield tag="GKT" ind1="2" ind2=" ">
    <subfield code="a">Igreja Cato&#769;lica</subfield>
    <subfield code="A">GND</subfield>
    <subfield code="B">GND-004691792</subfield>
    <subfield code="C">410</subfield>
  </datafield>
  <datafield tag="GKT" ind1="2" ind2=" ">
    <subfield code="a">Ro&#776;misch-Katholische Kirche</subfield>
    <subfield code="A">GND</subfield>
    <subfield code="B">GND-004691792</subfield>
    <subfield code="C">410</subfield>
  </datafield>
  <datafield tag="GKT" ind1="2" ind2=" ">
    <subfield code="a">Katholike&#772; Ekkle&#772;sia</subfield>
    <subfield code="A">GND</subfield>
    <subfield code="B">GND-004691792</subfield>
    <subfield code="C">410</subfield>
  </datafield>
  <datafield tag="GKT" ind1="2" ind2=" ">
    <subfield code="a">Catholic Church</subfield>
    <subfield code="A">GND</subfield>
    <subfield code="B">GND-004691792</subfield>
    <subfield code="C">410</subfield>
  </datafield>
  <datafield tag="GKT" ind1="2" ind2=" ">
    <subfield code="a">Roman Catholic Church</subfield>
    <subfield code="A">GND</subfield>
    <subfield code="B">GND-004691792</subfield>
    <subfield code="C">410</subfield>
  </datafield>
  <datafield tag="GKT" ind1="2" ind2=" ">
    <subfield code="a">Eglise Catholique</subfield>
    <subfield code="A">GND</subfield>
    <subfield code="B">GND-004691792</subfield>
    <subfield code="C">410</subfield>
  </datafield>
  <datafield tag="GKT" ind1="2" ind2=" ">
    <subfield code="a">Eglise Catholique Romaine</subfield>
    <subfield code="A">GND</subfield>
    <subfield code="B">GND-004691792</subfield>
    <subfield code="C">410</subfield>
  </datafield>
  <datafield tag="GKT" ind1="2" ind2=" ">
    <subfield code="a">Chiesa Cattolica</subfield>
    <subfield code="A">GND</subfield>
    <subfield code="B">GND-004691792</subfield>
    <subfield code="C">410</subfield>
  </datafield>
  <datafield tag="GKT" ind1="2" ind2=" ">
    <subfield code="a">Katholieke Kerk</subfield>
    <subfield code="A">GND</subfield>
    <subfield code="B">GND-004691792</subfield>
    <subfield code="C">410</subfield>
  </datafield>
  <datafield tag="GKT" ind1="2" ind2=" ">
    <subfield code="a">Iglesia Cato&#769;lica</subfield>
    <subfield code="A">GND</subfield>
    <subfield code="B">GND-004691792</subfield>
    <subfield code="C">410</subfield>
  </datafield>
  <datafield tag="GKT" ind1="2" ind2=" ">
    <subfield code="a">Katolicke&#769; Ci&#769;rkve</subfield>
    <subfield code="A">GND</subfield>
    <subfield code="B">GND-004691792</subfield>
    <subfield code="C">410</subfield>
  </datafield>
  <datafield tag="GKT" ind1="2" ind2=" ">
    <subfield code="a">Kos&#769;cio&#322; Katolicki</subfield>
    <subfield code="A">GND</subfield>
    <subfield code="B">GND-004691792</subfield>
    <subfield code="C">410</subfield>
  </datafield>
  <datafield tag="GKT" ind1="2" ind2=" ">
    <subfield code="a">Katolic&#780;ke Crkve</subfield>
    <subfield code="A">GND</subfield>
    <subfield code="B">GND-004691792</subfield>
    <subfield code="C">410</subfield>
  </datafield>
  <datafield tag="GKT" ind1="2" ind2=" ">
    <subfield code="a">Eglise catholique romaine</subfield>
    <subfield code="A">GND</subfield>
    <subfield code="B">GND-004691792</subfield>
    <subfield code="C">410</subfield>
  </datafield>
  <datafield tag="GKT" ind1="2" ind2=" ">
    <subfield code="a">Chiesa cattolica romana</subfield>
    <subfield code="A">GND</subfield>
    <subfield code="B">GND-004691792</subfield>
    <subfield code="C">410</subfield>
  </datafield>
  <datafield tag="GKT" ind1="2" ind2=" ">
    <subfield code="a">Roman catholic Church</subfield>
    <subfield code="A">GND</subfield>
    <subfield code="B">GND-004691792</subfield>
    <subfield code="C">410</subfield>
  </datafield>
  <datafield tag="GKT" ind1="2" ind2=" ">
    <subfield code="a">Eglise catholique</subfield>
    <subfield code="A">GND</subfield>
    <subfield code="B">GND-004691792</subfield>
    <subfield code="C">410</subfield>
  </datafield>
  <datafield tag="GKT" ind1="2" ind2=" ">
    <subfield code="a">Ro&#776;mische Kirche</subfield>
    <subfield code="A">GND</subfield>
    <subfield code="B">GND-004691792</subfield>
    <subfield code="C">410</subfield>
  </datafield>
  <datafield tag="GSI" ind1="7" ind2=" ">
    <subfield code="a">http://d-nb.info/gnd/2009545-4</subfield>
    <subfield code="2">uri</subfield>
    <subfield code="A">GND</subfield>
    <subfield code="B">GND-004691792</subfield>
    <subfield code="C">024</subfield>
  </datafield>
  <datafield tag="GPN" ind1="1" ind2=" ">
    <subfield code="a">Gvardini, Romano</subfield>
    <subfield code="d">1885-1968</subfield>
    <subfield code="A">GND</subfield>
    <subfield code="B">GND-118543105</subfield>
    <subfield code="C">400</subfield>
  </datafield>
  <datafield tag="GPN" ind1="1" ind2=" ">
    <subfield code="a">Kwar&#365;dini, R.</subfield>
    <subfield code="d">1885-1968</subfield>
    <subfield code="A">GND</subfield>
    <subfield code="B">GND-118543105</subfield>
    <subfield code="C">400</subfield>
  </datafield>
  <datafield tag="GPN" ind1="1" ind2=" ">
    <subfield code="a">Kwar&#365;dini, Romano</subfield>
    <subfield code="d">1885-1968</subfield>
    <subfield code="A">GND</subfield>
    <subfield code="B">GND-118543105</subfield>
    <subfield code="C">400</subfield>
  </datafield>
  <datafield tag="GPN" ind1="1" ind2=" ">
    <subfield code="a">Guarud&#299;ni, Rom&#257;no</subfield>
    <subfield code="d">1885-1968</subfield>
    <subfield code="A">GND</subfield>
    <subfield code="B">GND-118543105</subfield>
    <subfield code="C">400</subfield>
  </datafield>
  <datafield tag="GPN" ind1="1" ind2=" ">
    <subfield code="a">Guardini, Romane</subfield>
    <subfield code="d">1885-1968</subfield>
    <subfield code="A">GND</subfield>
    <subfield code="B">GND-118543105</subfield>
    <subfield code="C">400</subfield>
  </datafield>
  <datafield tag="GPN" ind1="1" ind2=" ">
    <subfield code="a">Guardini, R. A.</subfield>
    <subfield code="d">1885-1968</subfield>
    <subfield code="A">GND</subfield>
    <subfield code="B">GND-118543105</subfield>
    <subfield code="C">400</subfield>
  </datafield>
  <datafield tag="GPN" ind1="0" ind2=" ">
    <subfield code="a">Lo ma no Gwa leu di ni</subfield>
    <subfield code="d">1885-1968</subfield>
    <subfield code="A">GND</subfield>
    <subfield code="B">GND-118543105</subfield>
    <subfield code="C">400</subfield>
  </datafield>
  <datafield tag="GPN" ind1="0" ind2=" ">
    <subfield code="a">Lomano-Gwaleudini</subfield>
    <subfield code="d">1885-1968</subfield>
    <subfield code="A">GND</subfield>
    <subfield code="B">GND-118543105</subfield>
    <subfield code="C">400</subfield>
  </datafield>
  <datafield tag="GPN" ind1="1" ind2=" ">
    <subfield code="a">Gwaleudini, Lomano</subfield>
    <subfield code="d">1885-1968</subfield>
    <subfield code="A">GND</subfield>
    <subfield code="B">GND-118543105</subfield>
    <subfield code="C">400</subfield>
  </datafield>
  <datafield tag="GSI" ind1="7" ind2=" ">
    <subfield code="a">118543105</subfield>
    <subfield code="0">http://d-nb.info/gnd/118543105</subfield>
    <subfield code="2">gnd</subfield>
    <subfield code="A">GND</subfield>
    <subfield code="B">GND-118543105</subfield>
    <subfield code="C">024</subfield>
  </datafield>
</record>